@article{bertsekas2005survey,
  title={Dynamic programming and suboptimal control: A survey from {ADP} to {MPC}},
  author={Bertsekas, Dimitri P},
  journal={European Journal of Control},
  volume={11},
  number={4},
  pages={310--334},
  year={2005},
  publisher={Elsevier}
}

@book{powell2011approximate,
  title={Approximate Dynamic Programming: Solving the curses of dimensionality},
  author={Powell, Warren B.},
  edition={Second},
  year=2011,
  publisher={John Wiley \& Sons}
}

@book{bertsekas2005dynamic,
  title={Dynamic programming and optimal control},
  author={Bertsekas, Dimitri P},
  volume={1},
  edition={Third},
  year={2005},
  publisher={Athena Scientific Belmont, MA}
}

@book{bertsekas2012dynamic,
  title={Dynamic programming and optimal control: Approximate Dynamic Programming},
  author={Bertsekas, Dimitri P},
  volume={2},
  edition={Fourth},
  year={2012},
  publisher={Athena Scientific Belmont, MA}
}

@book{talluri2006theory,
  title={The theory and practice of revenue management},
  author={Talluri, Kalyan T and van Ryzin, Garrett J},
  volume=68,
  year=2006,
  publisher={Springer}
}

@techreport{bertsimas2001dynamic,
  title={Dynamic pricing: A learning approach},
  author={Bertsimas, Dimitris J and Perakis, Georgia},
  year={2001},
  institution={Massachusetts Institute of Technology, Operations Research Center},
  note={\url{http://hdl.handle.net/1721.1/5314}}
}

@article{bitran1998coordinating,
  title={Coordinating clearance markdown sales of seasonal products in retail chains},
  author={Bitran, Gabriel and Caldentey, Rene and Mondschein, Susana},
  journal={Operations Research},
  volume={46},
  number={5},
  pages={609--624},
  year={1998},
  publisher={INFORMS}
}

@article{smith1992yield,
  title={Yield management at {American Airlines}},
  author={Smith, Barry C and Leimkuhler, John F and Darrow, Ross M},
  journal={Interfaces},
  volume=22,
  number=1,
  pages={8--31},
  year=1992,
  publisher={INFORMS}
}

@incollection{aviv2012dynamic,
  title={Dynamic list pricing},
  author={Aviv, Yossi and Vulcano, Gustavo},
  booktitle={The Oxford handbook of pricing management},
  year={2012},
  publisher={Oxford University Press},
  editor={{\"O}zer, {\"O}zalp and Phillips, Robert},
  chapter={23}
}

@article{gallego1994optimal,
  title={Optimal dynamic pricing of inventories with stochastic demand over finite horizons},
  author={Gallego, Guillermo and Van Ryzin, Garrett},
  journal={Management Science},
  volume={40},
  number={8},
  pages={999--1020},
  year={1994},
  publisher={INFORMS}
}

@article{farmer2017uncertainty,
  title={Uncertainty quantification and optimal decisions},
  author={Farmer, C. L.},
  journal={Proceedings of the Royal Society A},
  volume={473},
  pages={20170115},
  year={2017},
  organization={The Royal Society}
}

@book{phillips2005pricing,
  title={Pricing and revenue optimization},
  author={Phillips, Robert Lewis},
  year={2005},
  publisher={Stanford University Press}
}

@misc{butler2014customer,
title={Customer focused price optimisation},
year={2014},
author={Caravenna, Laura and Dewynne, Jeff and Farmer, Chris and Jones, Owen and Lund, Christian O. and Melnik, Sergey and Pawlowska, Bogna and Wilson, Eddie},
howpublished={100th European Study Group with Industry, Oxford},
url={http://www.maths-in-industry.org/miis/673}
}

@book{ozer2012oxford,
  title={The Oxford handbook of pricing management},
  author={{\"O}zer, {\"O}zalp and Phillips, Robert},
  year={2012},
  publisher={Oxford University Press}
}

@book{law2015data,
  title={Data assimilation: A mathematical introduction},
  author={Law, Kody and Stuart, Andrew and Zygalakis, Konstantinos},
  volume={62},
  year={2015},
  publisher={Springer}
}

@book{chatfield2004analysis,
  title={The Analysis of Time Series: An Introduction},
  author={Chatfield, Chris},
  year={2004},
  edition={6},
  publisher={Chapman and Hall/CRC}
}

@article{der2009aleatory,
  title={Aleatory or epistemic? Does it matter?},
  author={Der Kiureghian, Armen and Ditlevsen, Ove},
  journal={Structural Safety},
  volume={31},
  number={2},
  pages={105--112},
  year={2009},
  publisher={Elsevier}
}

@book{nocedal2006numerical,
  title={Numerical optimization},
  author={Nocedal, Jorge and Wright, Stephen},
  year={2006},
  publisher={Springer}
}

@book{follmer2004stochastic,
  title={Stochastic Finance: An Introduction in Discrete Time},
  author={F{\"o}llmer, Hans and Schied, Alexander},
  year={2004},
  publisher={Walter de Gruyter}
}

@article{marler2004survey,
  title={Survey of multi-objective optimization methods for engineering},
  author={Marler, R Timothy and Arora, Jasbir S},
  journal={Structural and Multidisciplinary Optimization},
  volume={26},
  number={6},
  pages={369--395},
  year={2004},
  publisher={Springer}
}

@article{rockafellar2015engineering,
  title={Engineering decisions under risk averseness},
  author={Rockafellar, R Tyrrell and Royset, Johannes O},
  journal={ASCE-ASME Journal of Risk and Uncertainty in Engineering Systems, Part A: Civil Engineering},
  volume={1},
  number={2},
  pages={04015003},
  year={2015},
  publisher={American Society of Civil Engineers}
}

@article{rockafellar2007coherent,
  title={Coherent approaches to risk in optimization under uncertainty},
  author={Rockafellar, R. Tyrrell},
  journal={Tutorials in Operations Research},
  volume={3},
  pages={38--61},
  year={2007},
  publisher={Institute for Operations Research and the Management Sciences, INFORMS}
}

@article{artzner1999coherent,
  title={Coherent measures of risk},
  author={Artzner, Philippe and Delbaen, Freddy and Eber, Jean-Marc and Heath, David},
  journal={Mathematical Finance},
  volume={9},
  number={3},
  pages={203--228},
  year={1999},
  publisher={Wiley Online Library}
}

@article{rockafellar2002conditional,
  title={Conditional value-at-risk for general loss distributions},
  author={Rockafellar, R Tyrrell and Uryasev, Stanislav},
  journal={Journal of Banking \& Finance},
  volume={26},
  number={7},
  pages={1443--1471},
  year={2002},
  publisher={Elsevier}
}

@article{ben2007old,
  title={An old-new concept of convex risk measures: The {Optimized} {Certainty} {Equivalent}},
  author={Ben-Tal, Aharon and Teboulle, Marc},
  journal={Mathematical Finance},
  volume={17},
  number={3},
  pages={449--476},
  year={2007},
  publisher={Wiley Online Library}
}

@article{wu2014risk,
  title={A risk-averse competitive newsvendor problem under the {CVaR} criterion},
  author={Wu, Meng and Zhu, Stuart X and Teunter, Ruud H},
  journal={International Journal of Production Economics},
  volume={156},
  pages={13--23},
  year={2014},
  publisher={Elsevier}
}

@article{xue2015optimal,
  title={Optimal inventory and hedging decisions with {CVaR} consideration},
  author={Xue, Weili and Ma, Lijun and Shen, Houcai},
  journal={International Journal of Production Economics},
  volume={162},
  pages={70--82},
  year={2015},
  publisher={Elsevier}
}

@article{zhou2008optimal,
  title={Optimal ordering quantities for multi-products with stochastic demand: Return-{CVaR} model},
  author={Zhou, Yan-ju and Chen, Xiao-hong and Wang, Zong-run},
  journal={International Journal of Production Economics},
  volume={112},
  number={2},
  pages={782--795},
  year={2008},
  publisher={Elsevier}
}

@article{ahmed2007coherent,
  title={Coherent risk measures in inventory problems},
  author={Ahmed, Shabbir and {\c{C}}akmak, Ula{\c{s}} and Shapiro, Alexander},
  journal={European Journal of Operational Research},
  volume={182},
  number={1},
  pages={226--238},
  year={2007},
  publisher={Elsevier}
}

@article{choi2011multiproduct,
  title={A multiproduct risk-averse newsvendor with law-invariant coherent measures of risk},
  author={Choi, Sungyong and Ruszczynski, Andrzej and Zhao, Yao},
  journal={Operations Research},
  volume={59},
  number={2},
  pages={346--364},
  year={2011},
  publisher={INFORMS}
}

@article{kouri2016risk,
  title={Risk-averse {PDE}-constrained optimization using the {Conditional Value-At-Risk}},
  author={Kouri, Drew P and Surowiec, Thomas M},
  journal={SIAM Journal on Optimization},
  volume={26},
  number={1},
  pages={365--396},
  year={2016},
  publisher={SIAM}
}

@article{alexanderian2017mean,
  title={Mean-variance risk-averse optimal control of systems governed by {PDEs} with random parameter fields using quadratic approximations},
  author={Alexanderian, Alen and Petra, Noemi and Stadler, Georg and Ghattas, Omar},
  journal={SIAM/ASA Journal on Uncertainty Quantification},
  volume={5},
  number={1},
  pages={1166--1192},
  year={2017},
  publisher={SIAM}
}

@article{nadarajah2014estimation,
  title={Estimation methods for expected shortfall},
  author={Nadarajah, Saralees and Zhang, Bo and Chan, Stephen},
  journal={Quantitative Finance},
  volume={14},
  number={2},
  pages={271--291},
  year={2014},
  publisher={Taylor \& Francis}
}

@article{das1998normal,
  title={{Normal-Boundary Intersection}: A new method for generating the {Pareto} surface in nonlinear multicriteria optimization problems},
  author={Das, Indraneel and Dennis, John E},
  journal={SIAM Journal on Optimization},
  volume={8},
  number={3},
  pages={631--657},
  year={1998},
  publisher={SIAM}
}

@article{messac2000aggregate,
  title={Aggregate objective functions and {Pareto} frontiers: required relationships and practical implications},
  author={Messac, Achille and Puemi-Sukam, Cyriaque and Melachrinoudis, Emanuel},
  journal={Optimization and Engineering},
  volume={1},
  number={2},
  pages={171--188},
  year={2000},
  publisher={Springer}
}

@article{pascoletti1984scalarizing,
  title={Scalarizing vector optimization problems},
  author={Pascoletti, Adriano and Serafini, Paolo},
  journal={Journal of Optimization Theory and Applications},
  volume={42},
  number={4},
  pages={499--524},
  year={1984},
  publisher={Springer}
}

@article{eichfelder2009adaptive,
  title={An adaptive scalarization method in multiobjective optimization},
  author={Eichfelder, Gabriele},
  journal={SIAM Journal on Optimization},
  volume={19},
  number={4},
  pages={1694--1718},
  year={2009},
  publisher={SIAM}
}

@article{messac1996physical,
  title={Physical programming-Effective optimization for computational design},
  author={Messac, Achille},
  journal={AIAA Journal},
  volume={34},
  number={1},
  pages={149--158},
  year={1996}
}

@article{campi2011multivariate,
  title={Multivariate utility maximization with proportional transaction costs},
  author={Campi, Luciano and Owen, Mark P},
  journal={Finance and Stochastics},
  volume={15},
  number={3},
  pages={461--499},
  year={2011},
  publisher={Springer}
}

@article{dunning2017jump,
  title={{JuMP}: {A} modeling language for mathematical optimization},
  author={Dunning, Iain and Huchette, Joey and Lubin, Miles},
  journal={SIAM Review},
  volume={59},
  number={2},
  pages={295--320},
  year={2017},
  publisher={SIAM}
}

@article{bezanson2017julia,
  title={Julia: A fresh approach to numerical computing},
  author={Bezanson, Jeff and Edelman, Alan and Karpinski, Stefan and Shah, Viral B},
  journal={SIAM Review},
  volume={59},
  number={1},
  pages={65--98},
  year={2017},
  publisher={SIAM}
}

@book{ben2009robust,
  title={Robust optimization},
  author={Ben-Tal, Aharon and El Ghaoui, Laurent and Nemirovski, Arkadi},
  year={2009},
  publisher={Princeton University Press}
}

@article{rockafellar2006generalized,
  title={Generalized deviations in risk analysis},
  author={Rockafellar, R Tyrrell and Uryasev, Stan and Zabarankin, Michael},
  journal={Finance and Stochastics},
  volume={10},
  number={1},
  pages={51--74},
  year={2006},
  publisher={Springer}
}

@article{rockafellar2013fundamental,
  title={The fundamental risk quadrangle in risk management, optimization and statistical estimation},
  author={Rockafellar, R Tyrrell and Uryasev, Stan},
  journal={Surveys in Operations Research and Management Science},
  volume={18},
  number={1-2},
  pages={33--53},
  year={2013},
  publisher={Elsevier}
}

@article{peng2010nonlinear,
  title={Nonlinear expectations and stochastic calculus under uncertainty},
  author={Peng, Shige},
  journal={arXiv preprint arXiv:1002.4546},
  year={2010}
}

@article{caflisch1998monte,
  title={{Monte Carlo} and quasi-{Monte Carlo} methods},
  author={Caflisch, Russel E},
  journal={Acta Numerica},
  volume={7},
  pages={1--49},
  year={1998},
  publisher={Cambridge University Press}
}

@article{kalish1983monopolist,
  title={Monopolist pricing with dynamic demand and production cost},
  author={Kalish, Shlomo},
  journal={Marketing Science},
  volume={2},
  number={2},
  pages={135--159},
  year={1983},
  publisher={INFORMS}
}

@article{bitran2003overview,
  title={An overview of pricing models for revenue management},
  author={Bitran, Gabriel and Caldentey, Ren{\'e}},
  journal={Manufacturing \& Service Operations Management},
  volume={5},
  number={3},
  pages={203--229},
  year={2003},
  publisher={INFORMS}
}

@article{benth2014stochastic,
  title={Stochastic dynamical modelling of spot freight rates},
  author={Benth, Fred Espen and Koekebakker, Steen and Taib, Che Mohd Imran Che},
  journal={IMA Journal of Management Mathematics},
  volume={26},
  number={3},
  pages={273--297},
  year={2014},
  publisher={Oxford University Press}
}

@article{xu2006monopolistic,
  title={A monopolistic and oligopolistic stochastic flow revenue management model},
  author={Xu, Xiaowei and Hopp, Wallace J},
  journal={Operations Research},
  volume={54},
  number={6},
  pages={1098--1109},
  year={2006},
  publisher={INFORMS}
}

@article{schlosser2015dynamic2,
  title={Dynamic pricing and advertising of perishable products with inventory holding costs},
  author={Schlosser, Rainer},
  journal={Journal of Economic Dynamics and Control},
  volume={57},
  pages={163--181},
  year={2015},
  publisher={Elsevier}
}

@article{black1973pricing,
  title={The pricing of options and corporate liabilities},
  author={Black, Fischer and Scholes, Myron},
  journal={Journal of Political Economy},
  volume={81},
  number={3},
  pages={637--654},
  year={1973},
  publisher={The University of Chicago Press}
}

@article{lim2007relative,
  title={Relative entropy, exponential utility, and robust dynamic pricing},
  author={Lim, Andrew EB and Shanthikumar, J George},
  journal={Operations Research},
  volume={55},
  number={2},
  pages={198--214},
  year={2007},
  publisher={INFORMS}
}

@article{feng2008risk,
  title={A risk-sensitive model for managing perishable products},
  author={Feng, Youyi and Xiao, Baichun},
  journal={Operations Research},
  volume={56},
  number={5},
  pages={1305--1311},
  year={2008},
  publisher={INFORMS}
}

@incollection{carmona2014survey,
  title={A survey of commodity markets and structural models for electricity prices},
  author={Carmona, Ren{\'e} and Coulon, Michael},
  booktitle={Quantitative Energy Finance},
  pages={41--83},
  year={2014},
  publisher={Springer}
}

@article{maglaras2006dynamic,
  title={Dynamic pricing strategies for multiproduct revenue management problems},
  author={Maglaras, Constantinos and Meissner, Joern},
  journal={Manufacturing \& Service Operations Management},
  volume={8},
  number={2},
  pages={136--148},
  year={2006},
  publisher={INFORMS}
}

@article{raman1995optimal,
  title={Optimal monopolist pricing under demand uncertainty in dynamic markets},
  author={Raman, Kalyan and Chatterjee, Rabikar},
  journal={Management Science},
  volume={41},
  number={1},
  pages={144--162},
  year={1995},
  publisher={INFORMS}
}

@article{wu2016dynamic,
  title={Dynamic pricing and risk analytics under competition and stochastic reference price effects},
  author={Wu, Lin-Liang Bill and Wu, Desheng},
  journal={IEEE Transactions on Industrial Informatics},
  volume={12},
  number={3},
  pages={1282--1293},
  year={2016},
  publisher={IEEE}
}

@article{chambers1992estimation,
  title={Estimation of a continuous-time dynamic demand system},
  author={Chambers, Marcus J},
  journal={Journal of Applied Econometrics},
  volume={7},
  number={1},
  pages={53--64},
  year={1992},
  publisher={Wiley Online Library}
}

@book{pham2009continuous,
  title={Continuous-time stochastic control and optimization with financial applications},
  author={Pham, Huy{\^e}n},
  volume={61},
  year={2009},
  publisher={Springer}
}

@article{rackauckas2017differentialequations,
  title={DifferentialEquations.jl -- A Performant and Feature-Rich Ecosystem for Solving Differential Equations in {Julia}},
  author={Rackauckas, Christopher and Nie, Qing},
  journal={Journal of Open Research Software},
  volume={5},
  number={1},
  year={2017},
  publisher={Ubiquity Press}
}

@article{reisinger2017boundary,
  title={Boundary Treatment and Multigrid Preconditioning for {Semi-Lagrangian} Schemes Applied to {Hamilton-Jacobi-Bellman} Equations},
  author={Reisinger, Christoph and Arto, Julen Rotaetxe},
  journal={Journal of Scientific Computing},
  volume={72},
  number={1},
  pages={198--230},
  year={2017},
  publisher={Springer}
}

@article{schlosser2015dynamic1,
  title={Dynamic pricing with time-dependent elasticities},
  author={Schlosser, Rainer},
  journal={Journal of Revenue and Pricing Management},
  volume={14},
  number={5},
  pages={365--383},
  year={2015},
  publisher={Palgrave Macmillan}
}

@incollection{reisinger2017finite,
  title={Finite difference methods for medium-and high-dimensional derivative pricing {PDEs}},
  author={Reisinger, Christoph and Wissmann, Rasmus},
  booktitle={High-Performance Computing in Finance: Problems, Methods, and Solutions},
  year={2018},
  publisher={Chapman and Hall/CRC, London},
  editor={Dempster, M A H and Kanniainen, J and Keane, J and Vynckier, E}
}

@article{mogensen2018optim,
  author  = {Mogensen, Patrick K and Riseth, Asbj{\o}rn N},
  title   = {Optim: A mathematical optimization package for {Julia}},
  journal = {Journal of Open Source Software},
  year    = {2018},
  volume  = {3},
  number  = {24},
  pages   = {615},
  doi     = {10.21105/joss.00615}
}

@article{bellman1954theory,
  title={The theory of dynamic programming},
  author={Bellman, Richard},
  journal={Bulletin of the American Mathematical Society},
  volume={60},
  number={6},
  pages={503--515},
  year={1954}
}

@article{markowitz1952portfolio,
  title={Portfolio selection},
  author={Markowitz, Harry},
  journal={The Journal of Finance},
  volume={7},
  number={1},
  pages={77--91},
  year={1952},
  publisher={Wiley Online Library}
}

@book{pareto1906manuale,
  title={Manuale di Economia Politica con una Introduzione alla Scienza Sociale},
  author={Pareto, Vilfredo},
  year={1906},
  address={Milano, Italy},
  publisher={Societa Editrice Libraria},
  note={English translation by A.S. Schwier: Manual of political economy. Macmillan, 1971.}
}

@book{edgeworth1881mathematical,
  title={Mathematical psychics: An essay on the application of mathematics to the moral sciences},
  author={Edgeworth, Francis Ysidro},
  year={1881},
  publisher={Kegan Paul \& Co},
  address={London}
}

@book{keeney1976decisions,
  title={Decisions with multiple objectives : preferences and value tradeoffs},
  author={Keeney, Ralph L and Raiffa, Howard},
  year={1976},
  publisher={Wiley}
}

@book{jahn2011vector,
  title={Vector Optimization: Theory, Applications, and Extensions},
  author={Jahn, Johannes},
  year={2011},
  edition={Second},
  publisher={Springer}
}

@article{johnstone2013mean,
  title={Mean--Variance and Expected Utility: The Borch Paradox},
  author={Johnstone, David and Lindley, Dennis and others},
  journal={Statistical Science},
  volume={28},
  number={2},
  pages={223--237},
  year={2013},
  publisher={Institute of Mathematical Statistics}
}

@book{neumann1953theory,
  title={Theory of games and economic behavior (commemorative edition)},
  author={von Neumann, John and Morgenstern, Oskar},
  year={1953},
  edition={Third},
  publisher={Princeton university press}
}


@article{bernoulli1738specimen,
  title={Specimen Theoriae Novae de Mensura Sortis},
  author={Bernoulli, Daniel},
  year=1738,
  journal={Commentarii Academiae Scientiarum Imperialis Petropolitanae},
  pages={175--192},
  note={English translation by L. Sommer: Exposition of a new theory on the measurement of risk. \emph{Econometrica} 22:23--36,
  1954.}
}

@misc{cramer1728utility,
  author={Cramer, Gabriel},
  year=1728,
  note={Letter to Nicolaus I Bernoulli, quoted in D. Bernoulli (1738)}
}

@article{ellsberg1961risk,
  title={Risk, ambiguity, and the Savage axioms},
  author={Ellsberg, Daniel},
  journal={The Quarterly Journal of Economics},
  pages={643--669},
  year={1961},
  publisher={JSTOR}
}

@article{washio1997krylov,
  title={Krylov subspace acceleration for nonlinear multigrid schemes},
  author={Washio, Takumi and Oosterlee, Cornelis W.},
  journal={Electronic Transactions on Numerical Analysis},
  volume={6},
  pages={271-290},
  year={1997}
}

@article{sterck2013steepest,
  title={Steepest descent preconditioning for nonlinear {GMRES} optimization},
  author={De Sterck, Hans},
  journal={Numerical Linear Algebra with Applications},
  volume={20},
  number={3},
  pages={453--471},
  year={2013},
  publisher={Wiley Online Library}
}

@article{more1981testing,
  title={Testing unconstrained optimization software},
  author={Mor{\'e}, Jorge J. and Garbow, Burton S. and Hillstrom, Kenneth E.},
  journal={ACM Transactions on Mathematical Software (TOMS)},
  volume={7},
  number={1},
  pages={17--41},
  year={1981},
  publisher={ACM}
}

@incollection{damien2016regularized,
title = {Regularized Nonlinear Acceleration},
author = {Scieur, Damien and d'Aspremont, Alexandre and Bach, Francis},
booktitle = {Advances in Neural Information Processing Systems 29},
volume={29},
editor = {D. D. Lee and M. Sugiyama and U. V. Luxburg and I. Guyon and R. Garnett},
pages = {712--720},
year = 2016,
publisher = {Curran Associates, Inc.},
url = {http://papers.nips.cc/paper/6267-regularized-nonlinear-acceleration.pdf}
}

@article{anderson1965iterative,
  title={Iterative procedures for nonlinear integral equations},
  author={Anderson, Donald G.},
  journal={Journal of the ACM},
  volume={12},
  number={4},
  pages={547--560},
  year={1965},
  publisher={ACM}
}

@article{walker2011anderson,
  title={Anderson acceleration for fixed-point iterations},
  author={Walker, Homer F. and Ni, Peng},
  journal={Journal on Numerical Analysis},
  volume={49},
  number={4},
  pages={1715--1735},
  year={2011},
  publisher={SIAM}
}

@article{dolan2002benchmarking,
  title={Benchmarking optimization software with performance profiles},
  author={Dolan, Elizabeth D. and Mor{\'e}, Jorge J.},
  journal={Mathematical Programming},
  volume={91},
  number={2},
  pages={201--213},
  year={2002},
  publisher={Springer}
}

@article{more1994line,
  title={Line search algorithms with guaranteed sufficient decrease},
  author={Mor{\'e}, Jorge J. and Thuente, David J.},
  journal={ACM Transactions on Mathematical Software (TOMS)},
  volume={20},
  number={3},
  pages={286--307},
  year={1994},
  publisher={ACM}
}

@techreport{dunlavy2010poblano,
  author =	 {Daniel M. Dunlavy and Tamara G. Kolda and Evrim Acar},
  title =	 {Poblano v1.0: A {MATLAB} toolbox for gradient-based optimization},
  institution =	 {Sandia National Laboratories, Albuquerque, NM and
                  Livermore, CA},
  year =	 {2010},
  month =	 Mar,
  number = {SAND2010-1422}
}

@article{gould2015cutest,
  title={{CUTEst}: A constrained and unconstrained testing environment with safe threads for mathematical optimization},
  author={Gould, Nicholas I. M. and Orban, Dominique and Toint, Philippe L.},
  journal={Computational Optimization and Applications},
  volume={60},
  number={3},
  pages={545--557},
  year={2015},
  publisher={Springer}
}

@article{brune2015composing,
  title={Composing scalable nonlinear algebraic solvers},
  author={Brune, Peter R. and Knepley, Matthew G. and Smith, Barry F. and Tu, Xuemin},
  journal={SIAM Review},
  volume={57},
  number={4},
  pages={535--565},
  year={2015},
  publisher={SIAM}
}

@article{oosterlee2000krylov,
  title={Krylov subspace acceleration of nonlinear multigrid with application to recirculating flows},
  author={Oosterlee, Cornelis W. and Washio, Takumi},
  journal={SIAM Journal on Scientific Computing},
  volume={21},
  number={5},
  pages={1670--1690},
  year={2000},
  publisher={SIAM}
}

@article{gao2016block,
  author = {Gao, W. and Goldfarb, D.},
  title = "Block {BFGS} Methods",
  journal={{arXiv} preprint},
  volume={arXiv:1609.00318},
  archivePrefix = "arXiv",
  eprint = {1609.00318},
  primaryClass = "math.OC",
  keywords = {Mathematics - Optimization and Control, 90C53, 90C26},
  year = 2016,
  adsurl = {http://adsabs.harvard.edu/abs/2016arXiv160900318G},
  adsnote = {Provided by the SAO/NASA Astrophysics Data System}
}

@techreport{cartis2017accelerating,
  title={Accelerating nonlinear optimization algorithms},
  author={Cartis, Coralia and Geleta, Matthew},
  institution={University of Oxford},
  year={2017},
  type={Numerical Analysis Technical Report}
}

@article{fang2009two,
  title={Two classes of multisecant methods for nonlinear acceleration},
  author={Fang, Haw-ren and Saad, Yousef},
  journal={Numerical Linear Algebra with Applications},
  volume={16},
  number={3},
  pages={197--221},
  year={2009},
  publisher={Wiley Online Library}
}

@article{sterck2012nonlinear,
  title={A nonlinear {GMRES} optimization algorithm for canonical tensor decomposition},
  author={De Sterck, Hans},
  journal={SIAM Journal on Scientific Computing},
  volume={34},
  number={3},
  pages={A1351--A1379},
  year={2012},
  publisher={SIAM}
}

@article{sterck2016nonlinearly,
  title={Nonlinearly Preconditioned Optimization on Grassmann Manifolds for Computing Approximate Tucker Tensor Decompositions},
  author={De Sterck, Hans and Howse, Alexander},
  journal={SIAM Journal on Scientific Computing},
  volume={38},
  number={2},
  pages={A997--A1018},
  year={2016},
  publisher={SIAM}
}

@techreport{riseth2015nonlinear,
  title={Nonlinear solver techniques in reservoir management},
  author={Riseth, Asbj{\o}rn N},
  year={2015},
  type={Technical report},
  institution={University of Oxford},
  url={http://www.pefarrell.org/wp-content/uploads/2015/09/riseth2015.pdf}
}

@article{acar2011scalable,
  title={A scalable optimization approach for fitting canonical tensor decompositions},
  author={Acar, Evrim and Dunlavy, Daniel M and Kolda, Tamara G},
  journal={Journal of Chemometrics},
  volume={25},
  number={2},
  pages={67--86},
  year={2011},
  publisher={Wiley Online Library}
}

@book{saad2003iterative,
 author = {Saad, Y.},
 title = {Iterative Methods for Sparse Linear Systems},
 year = {2003},
 isbn = {0898715342},
 edition = {2nd},
 publisher = {Society for Industrial and Applied Mathematics},
 address = {Philadelphia, PA, USA},
}

@article{neumaier1998solving,
  title={Solving ill-conditioned and singular linear systems: A tutorial on regularization},
  author={Neumaier, Arnold},
  journal={SIAM Review},
  volume={40},
  number={3},
  pages={636--666},
  year={1998},
  publisher={SIAM}
}

@book{cartea2015algorithmic,
  title={Algorithmic and high-frequency trading},
  author={Cartea, {\'A}lvaro and Jaimungal, Sebastian and Penalva, Jos{\'e}},
  year={2015},
  publisher={Cambridge University Press}
}

@book{oksendal2000stochastic,
  title={Stochastic Differential Equations: An introduction with applications},
  author={{\O}ksendal, Bernt},
  year={2000},
  edition={5, corrected printing},
  publisher={Springer Verlag}
}

@article{geer2018dynamic,
   author = {{van de Geer}, R. and {den Boer}, A.~V. and {Bayliss}, C. and
	{Currie}, C. and {Ellina}, A. and {Esders}, M. and {Haensel}, A. and
	{Lei}, X. and {Maclean}, K.~D.~S. and {Martinez-Sykora}, A. and
	{Riseth}, A. Nilsen and {{\O}degaard}, F. and {Zachariades}, S.
	},
    title = "{Dynamic Pricing and Learning with Competition: Insights from the Dynamic Pricing Challenge at the 2017 INFORMS RM \& Pricing Conference}",
  journal = {ArXiv e-prints},
archivePrefix = "arXiv",
   eprint = {1804.03219},
 primaryClass = "q-fin.GN",
 keywords = {Quantitative Finance - General Finance, Mathematics - Optimization and Control},
     year = 2018,
    month = mar,
   adsurl = {http://adsabs.harvard.edu/abs/2018arXiv180403219V},
  adsnote = {Provided by the SAO/NASA Astrophysics Data System}
}
